Automatically generated by Mendeley Desktop 1.18
Any changes to this file will be lost if it is regenerated by Mendeley.

BibTeX export options can be customized via Options -> BibTeX in Mendeley Desktop

@article{Wilkinson2015,
author = {Pickett, Kate and Wilkinson, Richard},
doi = {10.1016/j.socscimed.2014.12.031},
journal = {Elsevier},
number = {Social Science and Medicine},
pages = {316--326},
title = {{Income inequality and health: A causal review}},
url = {http://dx.doi.org/10.1016/j.socscimed.2014.12.031},
volume = {128},
year = {2015}
}
@unpublished{Palma2016,
author = {Palma, Jos{\'{e}} Gabriel},
booktitle = {Cambrige Working Papers in Economics},
doi = {10.1057/9781137554598_2},
title = {{Do Nations Just Get the Inequality They Deserve? The “Palma Ratio” Re-examined}},
url = {http://www.econ.cam.ac.uk/research-files/repec/cam/pdf/cwpe1627.pdf},
year = {2016}
}
